<record xmlns="http://www.loc.gov/MARC21/slim" xmlns:xsi="http://www.w3.org/2001/XMLSchema-instance" xsi:schemaLocation="http://www.loc.gov/MARC21/slim http://www.loc.gov/standards/marcxml/schema/MARC21slim.xsd">

  <leader>00392nam a2200133Ia 4500</leader>
  <datafield ind2=" " tag="999" ind1=" ">
    <subfield code="c">1167</subfield>
    <subfield code="d">1167</subfield>
  </datafield>
  <controlfield tag="008">170322b1982    us ||||| |||| 00| 0 eng d</controlfield>
  <datafield tag="090" ind2=" " ind1=" ">
    <subfield code="a">370.15 </subfield>
    <subfield code="b">S547a</subfield>
  </datafield>
  <datafield ind1="1" tag="100" ind2="0">
    <subfield code="a">Shepard, Lorrie A.</subfield>
    <subfield code="9">2598</subfield>
  </datafield>
  <datafield tag="245" ind2="0" ind1="1">
    <subfield code="a">Assessment of Learning Disabilities</subfield>
  </datafield>
  <datafield ind1=" " tag="260" ind2=" ">
    <subfield code="a">New Jersey, Estados Unidos : </subfield>
    <subfield code="b">ERIC, </subfield>
    <subfield code="c"> 1982</subfield>
  </datafield>
  <datafield tag="300" ind2=" " ind1=" ">
    <subfield code="a">70 páginas</subfield>
  </datafield>
  <datafield ind2="4" tag="650" ind1="1">
    <subfield code="a">DIFICULTAD EN EL APRENDIZAJE</subfield>
    <subfield code="9">1340</subfield>
  </datafield>
  <datafield ind2=" " tag="942" ind1=" ">
    <subfield code="2">z</subfield>
    <subfield code="c">01</subfield>
  </datafield>
</record>